<?xml version="1.0" encoding="UTF-8" ?>
<record Numero="13920563" format="InterXMarc_Complet" type="Authority">
<leader>01782c0 au22000272  45  <Pos Code="0004">01782</Pos>
<Pos Code="05" Sens="notice modifiée">c</Pos>
<Pos Code="06" Sens="notice validée par les services d&apos;autorité">0</Pos>
<Pos Code="08" Sens="notice d&apos;autorité">a</Pos>
<Pos Code="09" Sens="titre uniforme musical (TUM)">u</Pos>
<Pos Code="10">2</Pos>
<Pos Code="11">2</Pos>
<Pos Code="1216">00027</Pos>
<Pos Code="17" Sens="autres cas">2</Pos>
<Pos Code="20">4</Pos>
<Pos Code="21">5</Pos>
</leader>
<controlfield tag="001">FRBNF139205636<Pos Code="0001">FR</Pos>
<Pos Code="0204">BNF</Pos>
<Pos Code="0512">13920563</Pos>
<Pos Code="13">6</Pos>
</controlfield>
<controlfield tag="008">890821131007yyita op        1861      1869                   010 <Pos Code="0001">89</Pos>
<Pos Code="0203">08</Pos>
<Pos Code="0405">21</Pos>
<Pos Code="0607">13</Pos>
<Pos Code="0809">10</Pos>
<Pos Code="1011">07</Pos>
<Pos Code="1213" Sens="ne s&apos;applique pas">yy</Pos>
<Pos Code="1416" Sens="italien">ita</Pos>
<Pos Code="1820" Sens="opéra [drame lyrique => opéra, melodramma => opéra]">op </Pos>
<Pos Code="2831">1861</Pos>
<Pos Code="3841">1869</Pos>
<Pos Code="61" Sens="La vedette peut être liée à une notice bibliographique pour les accès signalétiques et/ou pour l&apos;accès matière RAMEAU">0</Pos>
<Pos Code="62" Sens="La vedette ne peut s&apos;employer qu&apos;en tête de vedette">1</Pos>
<Pos Code="63" Sens="La vedette n&apos;admet pas de subdivision géographique">0</Pos>
</controlfield>
<datafield tag="048" ind1=" " ind2=" ">
	<subfield code="b">va01<Pos Code="0001" Sens="voix - soprano">va</Pos>
<Pos Code="02">0</Pos>
<Pos Code="03">1</Pos>
</subfield>
	<subfield code="b">vb02<Pos Code="0001" Sens="voix - mezzo-soprano">vb</Pos>
<Pos Code="02">0</Pos>
<Pos Code="03">2</Pos>
</subfield>
	<subfield code="b">vd04<Pos Code="0001" Sens="voix - ténor">vd</Pos>
<Pos Code="02">0</Pos>
<Pos Code="03">4</Pos>
</subfield>
	<subfield code="b">ve03<Pos Code="0001" Sens="voix - baryton">ve</Pos>
<Pos Code="02">0</Pos>
<Pos Code="03">3</Pos>
</subfield>
	<subfield code="b">vf04<Pos Code="0001" Sens="voix - basse">vf</Pos>
<Pos Code="02">0</Pos>
<Pos Code="03">4</Pos>
</subfield>
	<subfield code="a">ca01<Pos Code="0001" Sens="choeurs - mixte (4 voix SATB)">ca</Pos>
<Pos Code="02">0</Pos>
<Pos Code="03">1</Pos>
</subfield>
	<subfield code="a">oa01<Pos Code="0001" Sens="orchestre - orchestre symphonique XIXe-XXe s.">oa</Pos>
<Pos Code="02">0</Pos>
<Pos Code="03">1</Pos>
</subfield>
</datafield>
<datafield tag="100" ind1=" " ind2=" ">
	<subfield code="3">13900805</subfield>
	<subfield code="w"> 0  b     </subfield>
	<subfield code="a">Verdi</subfield>
	<subfield code="m">Giuseppe</subfield>
	<subfield code="d">1813-1901</subfield>
</datafield>
<datafield tag="144" ind1="1" ind2=" ">
	<subfield code="w">....b.ita.</subfield>
	<subfield code="a" Barre="3">La forza del destino</subfield>
</datafield>
<datafield tag="302" ind1=" " ind2=" ">
	<subfield code="3">14722675</subfield>
	<subfield code="a">Verdi</subfield>
	<subfield code="m">Giuseppe</subfield>
	<subfield code="d">1813-1901</subfield>
	<subfield code="t" Barre="4">[La forza del destino. Acte 3. Rataplan]</subfield>
</datafield>
<datafield tag="302" ind1=" " ind2=" ">
	<subfield code="3">13995515</subfield>
	<subfield code="a">Verdi</subfield>
	<subfield code="m">Giuseppe</subfield>
	<subfield code="d">1813-1901</subfield>
	<subfield code="t" Barre="4">[La forza del destino. Ouverture]</subfield>
</datafield>
<datafield tag="322" ind1="6" ind2=" ">
	<subfield code="3">11919625</subfield>
	<subfield code="9">100</subfield>
	<subfield code="w">.0..b.....</subfield>
	<subfield code="a">Piave</subfield>
	<subfield code="m">Francesco Maria</subfield>
	<subfield code="d">1810-1876</subfield>
</datafield>
<datafield tag="322" ind1="6" ind2=" ">
	<subfield code="3">12051250</subfield>
	<subfield code="9">100</subfield>
	<subfield code="w">.0..b.....</subfield>
	<subfield code="a">Ghislanzoni</subfield>
	<subfield code="m">Antonio</subfield>
	<subfield code="d">1824-1893</subfield>
</datafield>
<datafield tag="444" ind1="1" ind2=" ">
	<subfield code="w">....b.fre.</subfield>
	<subfield code="a" Barre="3">La force du destin</subfield>
</datafield>
<datafield tag="600" ind1=" " ind2=" ">
	<subfield code="a">Mélodramma en 4 actes</subfield>
	<subfield code="a">Livret de Francesco Maria Piave d&apos;après la tragédie de Ángel de Saavedra &quot;Don Alvaro, o La fuerza del sino&quot; (1835) et une scène de &quot;Wallenstein&quot; (1800) de Friedrich von Schiller</subfield>
	<subfield code="a">Dates de composition : 1861-1862</subfield>
	<subfield code="a">Date de révision (avec additions et modifications du livret par Antonio Ghislanzoni) : 1868</subfield>
	<subfield code="a">1re représentation (1re version) : Saint-Pétersbourg, Theâtre impérial, 29 octobre-10 novembre 1862</subfield>
	<subfield code="a">1re représentation (version révisée) : Milan, Teatro alla Scala, 27 février 1869</subfield>
</datafield>
<datafield tag="608" ind1=" " ind2=" ">
	<subfield code="b">Leonora di Vargas (soprano)</subfield>
	<subfield code="b">Preziosilla, Curra (mezzo-sopranos)</subfield>
	<subfield code="b">Don Alvaro, Mastro Trabuco, 2 soldats (ténors)</subfield>
	<subfield code="b">Don Carlo di Vargas, Fra Melitone, l&apos;Alcalde (barytons)</subfield>
	<subfield code="b">le marquis de Calatrava, Padre Guardiano, 2 soldats (basses)</subfield>
</datafield>
<datafield tag="610" ind1=" " ind2=" ">
	<subfield code="a">Grove opera</subfield>
	<subfield code="u">http://www.oxfordmusiconline.com</subfield>
	<subfield code="d">2011-11-07</subfield>
	<subfield code="a">Dictionnaire des oeuvres de l&apos;art vocal</subfield>
</datafield>
<datafield tag="624" ind1=" " ind2=" ">
	<subfield code="a">780<Pos Code="0002" Sens="Musique">780</Pos>
</subfield>
</datafield>
<datafield tag="907" ind1=" " ind2=" ">
	<subfield code="o">GEA</subfield>
	<subfield code="a">00584528X</subfield>
</datafield>
<datafield tag="909" ind1=" " ind2=" ">
	<subfield code="a">Numérotation Hopkinson non conservée  (H 60A et H 60B)</subfield>
</datafield>
<datafield tag="917" ind1=" " ind2=" ">
	<subfield code="o">OPL</subfield>
	<subfield code="a">010911133</subfield>
</datafield>
<datafield tag="917" ind1=" " ind2=" ">
	<subfield code="o">OPC</subfield>
	<subfield code="a">100506240</subfield>
</datafield>
<datafield tag="917" ind1=" " ind2=" ">
	<subfield code="o">OPD</subfield>
	<subfield code="a">100165990</subfield>
	<subfield code="b">ATUM</subfield>
</datafield>
<datafield tag="917" ind1=" " ind2=" ">
	<subfield code="o">OPD</subfield>
	<subfield code="a">100392690</subfield>
	<subfield code="b">ATUM</subfield>
</datafield>
<datafield tag="996" ind1=" " ind2=" ">
	<subfield code="o">OPP</subfield>
	<subfield code="a">14793632</subfield>
	<subfield code="d">20111107</subfield>
</datafield>
<datafield tag="996" ind1=" " ind2=" ">
	<subfield code="o">OPP</subfield>
	<subfield code="a">14813361</subfield>
	<subfield code="d">20111107</subfield>
</datafield>
<datafield tag="996" ind1=" " ind2=" ">
	<subfield code="o">OPP</subfield>
	<subfield code="a">16304098</subfield>
	<subfield code="d">20131007</subfield>
</datafield>
<datafield tag="996" ind1=" " ind2=" ">
	<subfield code="o">OPP</subfield>
	<subfield code="a">16303911</subfield>
	<subfield code="d">20131007</subfield>
</datafield>
<Alter Ori="13900805">
<datafield tag="400" ind1=" " ind2=" ">
	<subfield code="w">    b     </subfield>
	<subfield code="a">Verdi</subfield>
	<subfield code="m">J.</subfield>
	<subfield code="d">1813-1901</subfield>
</datafield>
</Alter>
<Attr Nom="IDPerenne">ark:/12148/cb13920563t</Attr>
<Attr Nom="NumSource">GEA 00584528X</Attr>
<Attr Nom="Source" Sens="BnF catalogue général (depuis 1999)">A</Attr>
<Attr Nom="NumAutoriteLiee">1390080514722675139955151191962512051250</Attr>
<Attr Nom="DateCreation">21/08/ 1989</Attr>
<Attr Nom="ResponsableCreation">MIGV2</Attr>
<Attr Nom="StructCreation">1</Attr>
<Attr Nom="DateDerniereValidation">07/10/ 2013</Attr>
<Attr Nom="ResponsableDerniereValidation">SERRES CATHERINE</Attr>
<Attr Nom="StructPremiereValidation">1</Attr>
<Attr Nom="DatePremiereValidation">21/08/ 1989</Attr>
<Attr Nom="ResponsablePremiereValidation">MIGV2</Attr>
<Attr Nom="StructDerniereValidation">82</Attr>
<Attr Nom="NumSource" Rep="1">OPL 010911133</Attr>
<Attr Nom="NumSource" Rep="2">OPC 100506240</Attr>
<Attr Nom="NumSource" Rep="3">OPD 100165990</Attr>
<Attr Nom="NumSource" Rep="4">OPD 100392690</Attr>
<Attr Nom="NumSource" Rep="5">OPP 14793632</Attr>
<Attr Nom="NumSource" Rep="6">OPP 14813361</Attr>
<Attr Nom="NumSource" Rep="7">OPP 16304098</Attr>
<Attr Nom="NumSource" Rep="8">OPP 16303911</Attr>
</record>
